@inproceedings{kour2014real,
  title={Real-time segmentation of on-line handwritten arabic script},
  author={Kour, George and Saabne, Raid},
  booktitle={Frontiers in Handwriting Recognition (ICFHR), 2014 14th International Conference on},
  pages={417--422},
  year={2014},
  organization={IEEE}
}

@inproceedings{kour2014fast,
  title={Fast classification of handwritten on-line Arabic characters},
  author={Kour, George and Saabne, Raid},
  booktitle={Soft Computing and Pattern Recognition (SoCPaR), 2014 6th International Conference of},
  pages={312--318},
  year={2014},
  organization={IEEE},
  doi={10.1109/SOCPAR.2014.7008025}
}

@article{hadash2018estimate,
  title={Estimate and Replace: A Novel Approach to Integrating Deep Neural Networks with Existing Applications},
  author={Hadash, Guy and Kermany, Einat and Carmeli, Boaz and Lavi, Ofer and Kour, George and Jacovi, Alon},
  journal={arXiv preprint arXiv:1804.09028},
  year={2018}
}

@article{liu2021gated,
  title={Gated transformer networks for multivariate time series classification},
  author={Liu, Minghao and Ren, Shengqi and Ma, Siyuan and Jiao, Jiahui and Chen, Yizhou and Wang, Zhiguang and Song, Wei},
  journal={arXiv preprint arXiv:2103.14438},
  year={2021}
}

@article{tarekegn2021review,
  title={A review of methods for imbalanced multi-label classification},
  author={Tarekegn, Adane Nega and Giacobini, Mario and Michalak, Krzysztof},
  journal={Pattern Recognition},
  volume={118},
  pages={107965},
  year={2021},
  publisher={Elsevier}
}

@inproceedings{xiao2019label,
  title={Label-specific document representation for multi-label text classification},
  author={Xiao, Lin and Huang, Xin and Chen, Boli and Jing, Liping},
  booktitle={Proceedings of the 2019 conference on empirical methods in natural language processing and the 9th international joint conference on natural language processing (EMNLP-IJCNLP)},
  pages={466--475},
  year={2019}
}

@article{liu2021emerging,
  title={The emerging trends of multi-label learning},
  author={Liu, Weiwei and Wang, Haobo and Shen, Xiaobo and Tsang, Ivor},
  journal={IEEE transactions on pattern analysis and machine intelligence},
  year={2021},
  publisher={IEEE}
}

@inproceedings{durand2019learning,
  title={Learning a deep convnet for multi-label classification with partial labels},
  author={Durand, Thibaut and Mehrasa, Nazanin and Mori, Greg},
  booktitle={Proceedings of the IEEE/CVF Conference on Computer Vision and Pattern Recognition},
  pages={647--657},
  year={2019}
}

@inproceedings{hartvigsen2020recurrent,
  title={Recurrent halting chain for early multi-label classification},
  author={Hartvigsen, Thomas and Sen, Cansu and Kong, Xiangnan and Rundensteiner, Elke},
  booktitle={Proceedings of the 26th ACM SIGKDD International Conference on Knowledge Discovery \& Data Mining},
  pages={1382--1392},
  year={2020}
}
@article{zhang2020multi,
  title={Multi-label prediction in time series data using deep neural networks},
  author={Zhang, Wenyu and Jha, Devesh K and Laftchiev, Emil and Nikovski, Daniel},
  journal={arXiv preprint arXiv:2001.10098},
  year={2020}
}

@inproceedings{ariannezhad2023personalized,
  title={A personalized neighborhood-based model for within-basket recommendation in grocery shopping},
  author={Ariannezhad, Mozhdeh and Li, Ming and Schelter, Sebastian and de Rijke, Maarten},
  booktitle={Proceedings of the Sixteenth ACM International Conference on Web Search and Data Mining},
  pages={87--95},
  year={2023}
}

@article{song2023hgat,
  title={HGAT-BR: Hyperedge-based graph attention network for basket recommendation},
  author={Song, Tengshuo and Guo, Feng and Jiang, Haoran and Ma, Wenyun and Feng, Zhenbao and Guo, Lei},
  journal={Applied Intelligence},
  volume={53},
  number={2},
  pages={1435--1451},
  year={2023},
  publisher={Springer}
}

@article{yu2023continuous,
  title={Continuous-time user preference modelling for temporal sets prediction},
  author={Yu, Le and Liu, Zihang and Sun, Leilei and Du, Bowen and Liu, Chuanren and Lv, Weifeng},
  journal={IEEE Transactions on Knowledge and Data Engineering},
  year={2023},
  publisher={IEEE}
}

@inproceedings{zhang2023conv,
  title={Conv-based Temporal Sets Prediction for Next-basket Recommendation},
  author={Zhang, Fan and Wang, Shuai and Qin, Yongjie and Qu, Hong},
  booktitle={2023 International Conference on Frontiers of Robotics and Software Engineering (FRSE)},
  pages={419--425},
  year={2023},
  organization={IEEE}
}

@article{zhang2013review,
  title={A review on multi-label learning algorithms},
  author={Zhang, Min-Ling and Zhou, Zhi-Hua},
  journal={IEEE transactions on knowledge and data engineering},
  volume={26},
  number={8},
  pages={1819--1837},
  year={2013},
  publisher={IEEE}
}

@inproceedings{shou2023concurrent,
  title={Concurrent Multi-Label Prediction in Event Streams},
  author={Shou, Xiao and Gao, Tian and Subramaniam, Shankar and Bhattacharjya, Debarun and Bennett, Kristin},
  booktitle={AAAI Conference on Artificial Intelligence},
  year={2023}
}

@article{van2023next,
  title={Next-basket prediction in a high-dimensional setting using gated recurrent units},
  author={Van Maasakkers, Luuk and Fok, Dennis and Donkers, Bas},
  journal={Expert Systems with Applications},
  volume={212},
  pages={118795},
  year={2023},
  publisher={Elsevier}
}

@article{yannam2023hybrid,
  title={Hybrid approach for next basket recommendation system},
  author={Yannam, V Ramanjaneyulu and Kumar, Jitendra and Vankayala, Tejaswini and Babu, Korra Sathya},
  journal={International Journal of Information Technology},
  volume={15},
  number={3},
  pages={1733--1740},
  year={2023},
  publisher={Springer}
}
